<?xml version="1.0" encoding="UTF-8"?><collection xmlns="http://www.loc.gov/MARC21/slim"><record><leader>00390nam--2200109-i-4500</leader><controlfield tag="001">000003568</controlfield><controlfield tag="002">20161230</controlfield><controlfield tag="005">20161230201025</controlfield><controlfield tag="008">060222s1000------------r-----000-0-eng-d</controlfield><datafield ind1=" " ind2=" " tag="245"><subfield code="a">Applied electronics. a fisrst course in elec tronics, electron tubes and associated circu its. by members of the staff of the dep...</subfield></datafield><datafield ind1=" " ind2=" " tag="260"><subfield code="a">New-york, John Wiley &amp; Sons, Inc., 1949. Xxiii + 772 P</subfield></datafield><datafield ind1=" " ind2=" " tag="852"><subfield code="a">2372</subfield></datafield></record></collection>